@book{tokui2023surfing,
  author={Tokui, N. and D'Heilly, D.},
  year={2023},
  title={Surfing Human Creativity with AI - A User's Guide},
  isbn={9781304831958},
  url={https://books.google.co.uk/books?id=iNSP0AEACAAJ},
  publisher={Lulu.com}
}

@article{tokui2020can,
  author={Tokui, Nao},
  year={2020},
  title={Can GAN originate new electronic dance music genres?--Generating novel rhythm patterns using GAN with Genre Ambiguity Loss},
  journal={arXiv preprint arXiv:2011.13062},
}

@inproceedings{broad2021network,
  author={Broad, Terence and Leymarie, Frederic Fol and Grierson, Mick},
  year={2021},
  title={Network bending: Expressive manipulation of deep generative models},
  booktitle={Artificial Intelligence in Music, Sound, Art and Design: 10th International Conference, EvoMUSART 2021, Held as Part of EvoStar 2021, Virtual Event, April 7--9, 2021, Proceedings 10},
  pages={20--36},
  organization={Springer}
}

@misc{dobrian2006nime,
  author = {Dobrian, C. and Koppelman, D.},
  year = {2006},
  title = {The ‘E’ in NIME: Musical Expression with New Computer Interfaces},
  note = {UC Irvine: Integrated Composition, Improvisation and Technology (ICIT)},
  url = {https://escholarship.org/uc/item/8v0022bd},
  howpublished = {Available at: \url{https://escholarship.org/uc/item/8v0022bd} [Accessed 21 October 2024]}
}
